<?xml version="1.0" encoding="UTF-8"?><collection xmlns="http://www.loc.gov/MARC21/slim"><record><leader>00433nam--2200169-i-4500</leader><controlfield tag="001">000023065</controlfield><controlfield tag="002">20161230</controlfield><controlfield tag="005">20161230201034</controlfield><controlfield tag="008">060222s1000------------r-----000-0-eng-d</controlfield><datafield ind1=" " ind2=" " tag="040"><subfield code="a">IFIN-HH</subfield></datafield><datafield ind1=" " ind2=" " tag="080"><subfield code="a">533.6</subfield></datafield><datafield ind1="1" ind2=" " tag="100"><subfield code="a">Kinslow, Ray</subfield></datafield><datafield ind1="1" ind2="0" tag="245"><subfield code="a">High-velocity impact phenomena</subfield><subfield code="c">Ray Kinslow (Ed.)</subfield></datafield><datafield ind1=" " ind2=" " tag="260"><subfield code="a">New York, Academic Press, 1970,</subfield></datafield><datafield ind1=" " ind2=" " tag="300"><subfield code="a">XII + 579 P</subfield></datafield><datafield ind1=" " ind2=" " tag="852"><subfield code="a">34260</subfield><subfield code="c">533.6</subfield></datafield><datafield ind1=" " ind2=" " tag="CAT"><subfield code="a">Sys</subfield><subfield code="c">20100906</subfield><subfield code="h">151259</subfield></datafield></record></collection>